%%%%%%%%%%%%%%%%%%%%%%%%%%%%%%%%%%%%%%%%%%%%%%%%%%%%%%%%%%%%%%%%%%%%%%%
% BOOKS
%%%%%%%%%%%%%%%%%%%%%%%%%%%%%%%%%%%%%%%%%%%%%%%%%%%%%%%%%%%%%%%%%%%%%%%

@book{ref:ufm,
  title={Methodische Entwicklung technischer Produkte},
  author={Lindemann, Udo},
  year={2005},
  publisher={Springer}
}

%%%%%%%%%%%%%%%%%%%%%%%%%%%%%%%%%%%%%%%%%%%%%%%%%%%%%%%%%%%%%%%%%%%%%%%
% ARTICLES
%%%%%%%%%%%%%%%%%%%%%%%%%%%%%%%%%%%%%%%%%%%%%%%%%%%%%%%%%%%%%%%%%%%%%%%

%http://www.uni-saarland.de/fileadmin/user_upload/Fachrichtungen/fr13_BWL/professuren/PDF/heft89.pdf
@article{ref:epk,
	title={{Semantische Proze{\ss}modellierung auf der Grundlage {\glqq}Ereignisgesteuerter Proze{\ss}ketten (EPK)"}},
	publisher={Prof. Dr. A.-W. Scheer},
	author={G. Keller and M. N\"uttgens and A.-W. Scheer},
	journal={Ver{\"o}ffentlichungen des Instituts f{\"u}r Wirtschaftsinformatik (IWi), Universit{\"a}t des Saarlandes},
	volume={89},
	year={1992}
}

@article{ref:paper,
	title={{Concept for an Integration-framework to enable the crossdisciplinary development of product-service-systems}},
	author={K. Kernschmidt and T. Wolfenstetter and C. M{\"u}nzberg and D. Kammerl and S. Goswami and U. Lindemann, and H. Krcmar and B. Vogel-Heuser},
	year={2014}
}

%%%%%%%%%%%%%%%%%%%%%%%%%%%%%%%%%%%%%%%%%%%%%%%%%%%%%%%%%%%%%%%%%%%%%%%
% CONFERENCES
%%%%%%%%%%%%%%%%%%%%%%%%%%%%%%%%%%%%%%%%%%%%%%%%%%%%%%%%%%%%%%%%%%%%%%%


%%%%%%%%%%%%%%%%%%%%%%%%%%%%%%%%%%%%%%%%%%%%%%%%%%%%%%%%%%%%%%%%%%%%%%%
% INPROCEEDINGS
%%%%%%%%%%%%%%%%%%%%%%%%%%%%%%%%%%%%%%%%%%%%%%%%%%%%%%%%%%%%%%%%%%%%%%%

@inproceedings{ref:schenkl,
  title={Managing Cycles of Innovation Processes of Product-Service Systems},
  author={Schenkl, Sebastian A and Behncke, Florian GH and Hepperle, Clemens and Langer, Stefan},
  booktitle={Systems, Man, and Cybernetics (SMC), 2013 IEEE International Conference on},
  pages={918--923},
  year={2013},
  organization={IEEE}
}

@inproceedings{ref:sysml4m,
  title={An interdisciplinary SysML based modeling approach for analyzing change influences in production plants to support the engineering},
  author={Kernschmidt, Konstantin and Vogel-Heuser, Birgit},
  booktitle={Automation Science and Engineering (CASE), 2013 IEEE International Conference on},
  pages={1113--1118},
  year={2013},
  organization={IEEE}
}

%%%%%%%%%%%%%%%%%%%%%%%%%%%%%%%%%%%%%%%%%%%%%%%%%%%%%%%%%%%%%%%%%%%%%%%
% URLs / SITES
%%%%%%%%%%%%%%%%%%%%%%%%%%%%%%%%%%%%%%%%%%%%%%%%%%%%%%%%%%%%%%%%%%%%%%%

@misc{ref:java,
  author = {Oracle},
  howpublished = {\url{http://www.java.com/}},
  note = {Last accessed: 04.04.2014}
}

@misc{ref:git,
  author = {Junio C. Hamano and Shawn O. Pearce and Linus Torvalds and others},
  howpublished = {\url{http://www.git-scm.com/}},
  note = {Last accessed: 04.04.2014}
}

@misc{ref:maven,
  author = "{Apache Software Foundation}",
  howpublished = {\url{http://maven.apache.org/}},
  note = {Last accessed: 04.04.2014}
}

@misc{ref:junit,
  author = {Kent Beck and Erich Gamma and others},
  howpublished = {\url{http://junit.org/}},
  note = {Last accessed: 04.04.2014}
}

@misc{ref:xml,
  author = "{World Wide Web Consortium}",
  howpublished = {\url{http://www.w3.org/TR/2006/REC-xml11-20060816/}},
  note = {Last accessed: 04.04.2014}
}

@misc{ref:xsd,
  author = "{World Wide Web Consortium}",
  howpublished = {\url{http://www.w3.org/TR/2004/REC-xmlschema-0-20041028/}},
  note = {Last accessed: 04.04.2014}
}

@misc{ref:xslt,
  author = "{World Wide Web Consortium}",
  howpublished = {\url{http://www.w3.org/TR/xslt20/}},
  note = {Last accessed: 04.04.2014}
}

@misc{ref:compress,
  author = "{Apache Software Foundation}",
  howpublished = {\url{http://commons.apache.org/proper/commons-compress/}},
  note = {Last accessed: 04.04.2014}
}

@misc{ref:guava,
  author = "{Google}",
  howpublished = {\url{http://code.google.com/p/guava-libraries/}},
  note = {Last accessed: 04.04.2014}
}

@misc{ref:emf,
  author = "{Eclipse Foundation}",
  howpublished = {\url{https://www.eclipse.org/modeling/emf/}},
  note = {Last accessed: 04.04.2014}
}

@misc{ref:xmi,
  author = "{Object Management Group}",
  howpublished = {\url{http://www.omg.org/spec/XMI/}},
  note = {Last accessed: 04.04.2014}
}

@misc{ref:bpmn,
  author = "{Object Management Group}",
  howpublished = {\url{http://www.bpmn.org/}},
  note = {Last accessed: 04.04.2014}
}

@misc{ref:sysml,
  author = "{Object Management Group}",
  howpublished = {\url{http://www.sysml.org/}},
  note = {Last accessed: 04.04.2014}
}

@misc{ref:mof,
  author = "{Object Management Group}",
  howpublished = {\url{http://www.omg.org/mof/}},
  note = {Last accessed: 27.04.2014}
}

@misc{ref:visio,
  author = "{Microsoft}",
  howpublished = {\url{http://office.microsoft.com/de-de/visio/}},
  note = {Last accessed: 04.04.2014}
}

@misc{ref:sfb,
  author = "{SFB 768}",
  howpublished = {\url{http://www.sfb768.tum.de/}},
  note = {Last accessed: 04.04.2014}
}

@misc{ref:soley,
  author = "{Soley GbR}",
  howpublished = {\url{http://www.soley-technology.com/}},
  note = {Last accessed: 23.04.2014}
}

@misc{ref:42010,
  title={{ISO/IEC/IEEE Standard 42010-2011: Systems and software engineering - Architecture description}},
  year={2011},
  author="{International Organization for Standardization}"
}